@ARTICLE{HuoTse2017,
    AUTHOR = {Zhiguang Huo and George Tseng},
     TITLE = {Integrative sparse $K$-means with overlapping group lasso in genomic applications for disease subtype discovery},
   JOURNAL = {Ann. Appl. Statist.},
  FJOURNAL = {Annals of Applied Statistics},
      YEAR = {2017},
    VOLUME = {11},
    NUMBER = {2},
     PAGES = {1011-1039},
      ISSN = {1932-6157},
       DOI = {10.1214/17-AOAS1033},
      SICI = {1932-6157(2017)11:2<1011:ISKMWO>2.0.CO;2-E},
}

